@book{Burden,
    author    = "Richard L. Burden, J. Douglas Faires",
    title     = "Numerical Analysis",
    publisher = "Richard Stratton",
    edition   = "9th",
    year      = "2011"
}
